%% This BibTeX bibliography file was created using BibDesk.
%% http://bibdesk.sourceforge.net/

%% Created for Rafael Jafet Ch Duran at 2021-05-29 17:06:15 -0400 


%% Saved with string encoding Unicode (UTF-8) 



@article{ch_2021,
	author = {Ch, Rafael},
	date-added = {2021-05-29 16:32:53 -0400},
	date-modified = {2021-05-29 16:33:34 -0400},
	journal = {Working paper, New York University},
	title = {Reelection Backfire: How Reelection Concerns Afffect the Delegation of Public Security Policy in Mexico},
	year = {2021}}

@article{rogers_2014,
	author = {Rogers, S.},
	date-added = {2021-05-29 16:18:42 -0400},
	date-modified = {2021-05-29 16:19:04 -0400},
	journal = {Working paper},
	title = {Term Limits: Keeping Incumbents in Office},
	year = {2014}}

@article{sekhon_titiunik_2012,
	author = {Sekhon, J. and Titiunik, Rocio},
	date-added = {2021-05-29 15:27:43 -0400},
	date-modified = {2021-05-29 15:28:28 -0400},
	journal = {American Political Science Review},
	number = {1},
	pages = {35-37},
	title = {When Natural Experiments are Neither Natural Nor Experiments},
	volume = {106},
	year = {2012}}

@article{gelman_king_1990,
	author = {Gelman, A. and King, Gary},
	date-added = {2021-05-29 15:25:40 -0400},
	date-modified = {2021-05-29 16:19:51 -0400},
	journal = {Journal of Political Science},
	number = {4},
	pages = {1142-1164},
	title = {Estimating Incumbency Advantage without Bias},
	volume = {34},
	year = {1990}}

@article{grimmer_etal_2012,
	author = {Grimmer, J. and Feinstein, B., and Hersh, E. and Carpenter, D.},
	date-added = {2021-05-28 16:14:30 -0400},
	date-modified = {2021-05-29 16:15:54 -0400},
	journal = {Working paper},
	title = {Are Close Elections Random?},
	year = {2012}}

@article{caughey_sekhon_2011,
	author = {Caughey, D. and Sekhon, J.},
	date-added = {2021-05-28 16:13:56 -0400},
	date-modified = {2021-05-28 16:14:25 -0400},
	journal = {Political Analysis},
	pages = {385-408},
	title = {Elections and the Regression Discontinuity Design: Lessons from Close U.S. House Races, 1942--2008},
	volume = {19},
	year = {2011}}

@article{titiunik_2012,
	author = {Titiunik, Rocio},
	date-added = {2021-05-28 16:13:28 -0400},
	date-modified = {2021-05-28 16:13:40 -0400},
	journal = {Working paper},
	title = {Incumbency Advantage in Brazil: Evidence from Municipal Mayor Elections},
	year = {2012}}

@article{querubin_snyder_2013,
	author = {Querubin, Pablo and Snyder, James M.},
	date-added = {2021-05-28 16:12:20 -0400},
	date-modified = {2021-05-28 16:13:07 -0400},
	journal = {Quarterly Journal of Political Science},
	number = {409-450},
	title = {The Control of Politicians in Normal Times and Times of Crisis: Wealth Accumulation by U.S. Congressmen, 1850-1880},
	volume = {4},
	year = {8}}

@article{dalbo_etal_2009,
	author = {Dal Bo, Ernesto and Dal Bo, P. and Snyder, James M.},
	date-added = {2021-05-28 16:11:26 -0400},
	date-modified = {2021-05-28 16:12:12 -0400},
	journal = {Review of Economics and Statistics},
	pages = {115-142},
	title = {Political Dynasties},
	volume = {76},
	year = {2009}}

@article{butler_2009,
	author = {Butler, D.},
	date-added = {2021-05-28 16:10:56 -0400},
	date-modified = {2021-05-28 16:11:18 -0400},
	journal = {Electoral Studies},
	number = {1},
	pages = {123-128},
	title = {A Regression Discontinuity Design Analysis of the Incumbency Advantage and Tenure in the U.S. House},
	volume = {28},
	year = {2009}}

@article{broockman_2009,
	author = {Broockman, D.},
	date-added = {2021-05-28 16:10:28 -0400},
	date-modified = {2021-05-28 16:10:49 -0400},
	journal = {Political Analysis},
	number = {4},
	pages = {1-17},
	title = {Do Congressional Candidates Have Reverse Coattails? Evidence from a Regression Discontinuity Design},
	volume = {17},
	year = {2009}}

@article{boas_hidalgo_2011,
	author = {Boas, Taylor and Hidalgo, Daniel},
	date-added = {2021-05-28 16:09:55 -0400},
	date-modified = {2021-05-28 16:10:21 -0400},
	journal = {American Journal of Political Science},
	number = {4},
	pages = {868-884},
	title = {Controlling the Airwaves: Incumbency Advantage and Community Radio in Brazil},
	volume = {55},
	year = {2011}}

@article{imbens_lemieux_2008,
	author = {Imbens, Guido W and Lemieux, T.},
	date-added = {2021-05-28 16:07:40 -0400},
	date-modified = {2021-05-28 16:09:26 -0400},
	journal = {Journal of Econometrics},
	number = {2},
	pages = {615-635},
	title = {Regression discontinuity designs: A guide to practice},
	volume = {142},
	year = {2008}}

@article{thistlethwaite_etal_1960,
	author = {Thistlewaite, Donald L. and Campbell, Donald T.},
	date-added = {2021-05-28 16:06:35 -0400},
	date-modified = {2021-05-28 16:08:44 -0400},
	journal = {Journal of Educational Psychology},
	number = {6},
	pages = {309-317},
	title = {Regression-discontinuity analysis: An alternative to the ex-post facto experiment},
	volume = {51},
	year = {1960}}

@article{mckelvey_riezman_1992,
	author = {McKelvey, R.D. and Riezman, R.},
	date-added = {2021-05-28 16:02:49 -0400},
	date-modified = {2021-05-28 16:03:37 -0400},
	journal = {American Political Science Review},
	number = {4},
	pages = {951-965},
	title = {Seniority in Legislatures},
	volume = {86},
	year = {1992}}

@article{erikson_1971,
	author = {Erikson, Robert},
	date-added = {2021-05-28 12:44:25 -0400},
	date-modified = {2021-05-28 16:04:16 -0400},
	journal = {Polity},
	number = {395-405},
	title = {The Advantage of Incumbency in Congressional Elections},
	volume = {3},
	year = {1971}}

@article{desposato_petrocik_2003,
	author = {Desposato, S. and Petrocik, J.},
	date-added = {2021-05-28 12:41:07 -0400},
	date-modified = {2021-05-28 12:41:43 -0400},
	journal = {American Journal of Political Science},
	number = {1},
	pages = {18-32},
	title = {The Variable Incumbency Advantage: New Voters, Redistricting, and the Personal Vote},
	volume = {47},
	year = {2003}}

@article{ansolabehere_snyder_2004,
	author = {Ansolabehere, Steven, and Snyder, James M.},
	date-added = {2021-05-28 12:37:44 -0400},
	date-modified = {2021-05-28 12:38:23 -0400},
	journal = {Legislative Studies Quarterly},
	number = {4},
	pages = {487-515},
	title = {Using Term Limits to Estimate Incumbency Advantages when Officeholders Retire Strategically},
	volume = {29},
	year = {2004}}

@inbook{alford_brady_1989,
	author = {Alfrod, J. and Brady, D.},
	chapter = {Personal and Partisan Advantage in U.S. Congressional Elections},
	date-added = {2021-05-28 12:35:30 -0400},
	date-modified = {2021-05-28 12:36:34 -0400},
	editor = {Dodd, Lawrence, and Oppenheimer, Bruce},
	publisher = {New York, NY: Praeger Press},
	title = {Congress Reconsidered},
	year = {1989}}

@article{parker_davidson_1979,
	author = {Parker, G. and Davidson, R.},
	date-added = {2021-05-26 21:00:39 -0400},
	date-modified = {2021-05-26 21:01:09 -0400},
	journal = {Legislative Studies Quarterly},
	number = {1},
	pages = {53-61},
	title = {Why Do Americans Love Their Congressmen So Much More than Their Congress?},
	volume = {4},
	year = {1979}}

@article{folke_snyder_2012,
	author = {Folke, Olle and Snyder, James M.},
	date-added = {2021-05-26 20:59:50 -0400},
	date-modified = {2021-05-26 21:00:33 -0400},
	journal = {American Journal of Political Science},
	number = {4},
	pages = {931-948},
	title = {Gubernatorial Midterm Slumps},
	volume = {56},
	year = {2012}}

@article{bhatia_turan_2013,
	author = {Bhatia, S. and Turan, N.},
	date-added = {2021-05-26 20:55:34 -0400},
	date-modified = {2021-05-26 20:59:46 -0400},
	journal = {Working paper},
	title = {The Grass is Greener on the Other Side: Attention and the Reversal of the Endowment Effect},
	year = {2013}}

@article{norpoth_rusk_1982,
	author = {Norpoth, Helmut and Rusk, Jerrold G.},
	date-added = {2021-05-26 20:46:26 -0400},
	date-modified = {2021-05-26 20:47:09 -0400},
	journal = {American Political Science Review},
	number = {3},
	pages = {522-537},
	title = {Partisan Dealignment in the American Electorate: Itemizing the Deductions since 1964},
	volume = {76},
	year = {1982}}

@article{borre_1995,
	author = {Borre, Ole},
	date-added = {2021-05-26 18:11:32 -0400},
	date-modified = {2021-05-26 18:13:23 -0400},
	journal = {Scandinavian Political Studies},
	number = {3},
	pages = {187-205},
	title = {Old and New Politics in Denmark},
	volume = {8},
	year = {1995}}

@inbook{irwin_dittrich,
	author = {Irwin, G. and Dittrich, K.},
	chapter = {And the walls came tumbling down : party dealignment in the Netherlands},
	date-added = {2021-05-26 18:10:28 -0400},
	date-modified = {2021-05-26 18:11:20 -0400},
	editor = {Dalton, Russel J. and Flanagan, Scott C. and Beck, Paul Allen},
	publisher = {Princeton University Press},
	title = {Electoral Change in Advanced Industrial Democracies},
	year = {1984}}

@article{alt_1977,
	author = {Alt, James and Crewe, Ivor, and Sarlvik, Bo},
	date-added = {2021-05-26 18:08:38 -0400},
	date-modified = {2021-05-26 18:09:31 -0400},
	journal = {British Journal of Political Science},
	pages = {129-90},
	title = {Partisan Dealignment in Britain 1964-1974},
	volume = {7},
	year = {1977}}

@article{beck_1977,
	author = {Beck, Paul Allen},
	date-added = {2021-05-26 18:06:31 -0400},
	date-modified = {2021-05-26 18:06:57 -0400},
	journal = {American Political Science Review},
	pages = {477-96},
	title = {Partisan dealignment in the postwar South},
	volume = {71},
	year = {1977}}

@inbook{beck_1985,
	author = {Beck, Paul Allen},
	chapter = {Patterns of Dealignment},
	date-added = {2021-05-26 18:01:42 -0400},
	date-modified = {2021-05-26 18:03:41 -0400},
	editor = {Dalton, Russel J. and Flanagan, Scott C. and Beck, Paul Allen},
	pages = {233-239},
	publisher = {Princeton University Press},
	title = {Electoral Change in Advanced Industrial Democracies. Realignment or Dealignment},
	year = {1985}}

@article{lee_2008,
	author = {Lee, David S.},
	date-added = {2021-05-26 14:33:38 -0400},
	date-modified = {2021-05-26 14:34:36 -0400},
	journal = {Journal of Econometrics},
	pages = {675-697},
	title = {Randomized experiments from non-random selection in U.S. House elections},
	volume = {142},
	year = {2008}}

@article{altonji_etal_2005,
	author = {Altonji, J.G. and Elder, T.E. and Taber, C.R.},
	date-added = {2021-04-22 23:38:09 -0400},
	date-modified = {2021-04-22 23:39:02 -0400},
	journal = {Journal of Political Economy},
	number = {1},
	pages = {151-184},
	title = {Selection on observed and unobserved variables: Assessing the effectiveness of Catholic schools},
	volume = {113},
	year = {2005}}

@article{ashworth_etal_2019,
	author = {Ashworth, Scott and Bueno de Mesquita, Ethan and Friedenberg, Amanda},
	date-added = {2020-12-01 02:01:22 +0000},
	date-modified = {2020-12-01 02:01:49 +0000},
	journal = {Working paper},
	title = {Incumbency and Information},
	year = {2019}}

@article{ashworth_bdm_2008,
	author = {Ashworth, Scott and Bueno de Mesquita, Ethan},
	date-added = {2020-12-01 02:00:14 +0000},
	date-modified = {2020-12-01 02:01:03 +0000},
	journal = {Journal of Politics},
	number = {4},
	pages = {1006-1025},
	title = {Electoral Selection, Strategic Challenger Entry, and the Incumbency Advantage},
	volume = {70},
	year = {2008}}

@article{eggers_2017,
	author = {Eggers, Andy},
	date-added = {2020-12-01 01:59:26 +0000},
	date-modified = {2020-12-01 01:59:44 +0000},
	title = {Quality-Based Explanations of Incumbency Effects},
	year = {2017}}

@article{ansolabehere_snyder_2000,
	author = {Ansolabehere, Steven, and Snyder, James M. and Stewart, Charles},
	date-added = {2020-12-01 01:58:10 +0000},
	date-modified = {2020-12-01 01:59:05 +0000},
	journal = {American Political Science Review},
	number = {1},
	pages = {17-34},
	title = {Old Voters, New Voters, and the Personal Vote: Using Redistricting to Measure the Incumbency Advantage},
	volume = {44},
	year = {2000}}

@article{levitt_wolfram_1997,
	author = {Levitt, Steven D. and Wolfram, Catherine D.},
	date-added = {2020-12-01 01:57:08 +0000},
	date-modified = {2020-12-01 01:57:46 +0000},
	journal = {Legislative Studies Quarterly},
	pages = {45-60},
	title = {Decomposing the Sources of Incumbency Advantage in the US House},
	year = {1997}}

@article{cox_morgensten_1993,
	author = {Cox, Gary W., and Morgenstern, Scott},
	date-added = {2020-12-01 01:55:58 +0000},
	date-modified = {2020-12-01 01:56:36 +0000},
	journal = {Legislative Studies Quarterly},
	number = {4},
	pages = {495-514},
	title = {The Increasing Advantage of Incumbency in the US States},
	volume = {18},
	year = {1993}}

@article{king_1991,
	author = {King, Gary},
	date-added = {2020-12-01 01:55:12 +0000},
	date-modified = {2020-12-01 01:55:41 +0000},
	journal = {British Journal of Political Science},
	number = {1},
	pages = {119-28},
	title = {Constituency Service and Incumbency Advantage},
	volume = {21},
	year = {1991}}

@book{fiorina_1989,
	author = {Fiorina, Morris P.},
	date-added = {2020-12-01 01:54:18 +0000},
	date-modified = {2020-12-01 01:55:03 +0000},
	publisher = {Yale University Press},
	title = {Congress: Keystone of the Washington establishment},
	year = {1989}}

@book{cox_katz_2002,
	author = {Cox, Gary W. and Katz, Jonathan N.},
	date-added = {2020-12-01 01:48:32 +0000},
	date-modified = {2020-12-01 01:49:02 +0000},
	publisher = {Cambridge University Press},
	title = {Elbridge Gerry's Salamander: The Electoral Conse- quences of the Reapportionment Revolution.},
	year = {2002}}

@inbook{katz_1985,
	author = {Katz, Richard S.},
	chapter = {Intraparty preference voting},
	date-added = {2020-12-01 01:25:22 +0000},
	date-modified = {2020-12-01 01:26:39 +0000},
	pages = {85-103},
	publisher = {Agathon Press},
	title = {Electoral laws and their political consequences},
	year = {1985}}

@article{carey_shugart_1995,
	author = {Carey and Shugart, Matthew S.},
	date-added = {2020-12-01 01:24:42 +0000},
	date-modified = {2020-12-01 01:25:17 +0000},
	journal = {Electoral Studies},
	number = {4},
	pages = {417-439},
	title = {Incentives to cultivate a personal vote},
	volume = {14},
	year = {1995}}

@article{schedler_2001,
	author = {Schedler, A.},
	date-added = {2020-12-01 01:07:54 +0000},
	date-modified = {2020-12-01 01:08:21 +0000},
	journal = {Studies in Comparative International Development},
	number = {1},
	title = {Measuring democratic consolidation},
	volume = {36},
	year = {2001}}

@article{cox_katz_1996,
	author = {Cox, Gary W. and Katz, Jonathan N.},
	date-added = {2020-12-01 00:54:47 +0000},
	date-modified = {2020-12-01 00:56:20 +0000},
	journal = {American Political Science Review},
	pages = {478-497},
	title = {Why Did the Incumbency Advantage in U.S. House Elections Grow?},
	volume = {40},
	year = {1996}}

@book{ley_trejo_2020,
	author = {Ley, Sandra and Trejo, Guillermo},
	date-added = {2020-12-01 00:24:30 +0000},
	date-modified = {2020-12-01 00:29:29 +0000},
	publisher = {Cambridge University Press},
	title = {Votes, Drugs, and Violence. The Political Logic of Criminal Wars in Mexico},
	year = {2020}}

@article{ley_2017,
	author = {Ley, Sandra},
	date-added = {2020-12-01 00:14:03 +0000},
	date-modified = {2020-12-01 00:23:23 +0000},
	journal = {Latin American Politics and Society},
	number = {1},
	pages = {3-27},
	title = {Electoral Accountability in the Midst of Criminal Violence: Evidence from Mexico},
	volume = {59},
	year = {2017}}

@article{moloeznik_2016,
	author = {Moloeznik, Marcos Pablo},
	date-added = {2020-09-13 00:03:56 +0000},
	date-modified = {2020-09-13 00:04:29 +0000},
	journal = {Working paper, CIDE},
	title = {{\^A}¿Qu{\'e} es realmente el modelo de mando policial {\'u}nico?},
	year = {2016}}

@article{camilo_etal_2018,
	author = {Camilo Castillo, Juan and Mejia, Daniel and Restrepo, Pascual},
	date-added = {2020-08-26 01:36:39 +0000},
	date-modified = {2020-08-26 01:38:19 +0000},
	journal = {Review of Economics and Statistics},
	number = {2},
	pages = {269-286},
	title = {Scarcity without Leviathan: The Violent Effects of Cocaine Supply Shortages in the Mexican Drug War},
	volume = {102},
	year = {2020}}

@article{ferraz_finan_2008,
	author = {Ferraz, Claudio and Finan, Frederico F.},
	date-added = {2020-08-25 22:02:16 +0000},
	date-modified = {2020-08-25 22:04:10 +0000},
	journal = {Quarterly Journal of Economics},
	number = {2},
	pages = {703-45},
	title = {Exposing Corrupt Politicians: The Effects of Brazil's Publicly Released Audits on Electoral Outcomes},
	volume = {123},
	year = {2008}}

@article{castillo_etal_2018,
	author = {Castillo, Juan Camilo and Mejia, Daniel and Restrepo, Pascual},
	date-added = {2020-08-10 19:28:09 +0000},
	date-modified = {2020-08-10 19:28:59 +0000},
	journal = {Working paper},
	title = {Scarcity without Leviathan: The Violent Effects of Cocaine Supply Shortages in the Mexican Drug War},
	year = {2018}}

@article{cornelius_2002,
	author = {Cornelius, W.A.},
	date-added = {2020-08-08 01:54:19 +0000},
	date-modified = {2020-08-08 01:55:09 +0000},
	journal = {Perfiles Latinoamericanos},
	pages = {11-31},
	title = {La e cacia de la compra y coaccin del voto en las elecciones mexicanas de 2000},
	volume = {20},
	year = {2002}}

@article{larreguy_2013,
	author = {Larreguy, Horacio},
	date-added = {2020-08-08 01:52:58 +0000},
	date-modified = {2020-08-08 01:54:09 +0000},
	journal = {Working paper},
	title = {Monitoring Political Brokers: Evidence from Clientelistic Networks in Mexico},
	year = {2013}}

@inbook{weldon_1997,
	author = {Weldon, Jeffrey},
	chapter = {Political Sources of Presidencialismo in Mexico},
	date-added = {2020-08-08 01:27:29 +0000},
	date-modified = {2020-08-08 01:28:39 +0000},
	editor = {Mainwaring, Scott and Shugart, Matthew S.},
	pages = {227},
	publisher = {Cambridge University Press},
	title = {Presidentialism and Democracy in Latin America},
	year = {1997}}

@book{mayhew_1986,
	author = {Mayhew, David R.},
	date-added = {2020-08-07 18:39:22 +0000},
	date-modified = {2020-08-07 18:40:24 +0000},
	publisher = {Princeton University Press},
	title = {Placing Parties in American Politics},
	year = {1986}}

@book{magaloni_2009,
	author = {Magaloni, Beatriz},
	date-added = {2020-08-07 05:40:33 +0000},
	date-modified = {2020-08-07 05:41:11 +0000},
	publisher = {Cambridge University Press},
	title = {Voting for Autocracy: Hegemonic Party Survival and its Demise in Mexico},
	year = {2009}}

@book{mainwaring_scully_1995,
	author = {Mainwaring, Scott and Scully, Timothy R.},
	date-added = {2020-08-07 01:22:52 +0000},
	date-modified = {2020-08-07 05:40:18 +0000},
	publisher = {Stanford University Press},
	title = {Building Democratic Institutions: Parties and Party Systems in Latin America},
	year = {1995}}

@article{ch_etal_2018,
	author = {Ch, Rafael and Shapiro, Jacob N. and Steele, Abbey and Vargas, Juan F.},
	date-added = {2020-08-06 22:59:55 +0000},
	date-modified = {2020-08-06 23:02:50 +0000},
	journal = {American Political Science Review},
	number = {4},
	pages = {996-1015},
	title = {Endogenous Taxation in Ongoing Internal Conflict: The Case of Colombia},
	volume = {112},
	year = {2018}}

@article{erikson_titiunik_2015,
	author = {Erikson, Robert and Titiunik, Rocio},
	date-added = {2020-08-06 21:55:41 +0000},
	date-modified = {2020-08-06 21:56:12 +0000},
	journal = {Quarterly Journal of Political Science},
	number = {2},
	pages = {101-19},
	title = {Using Regression Discontinuity to Uncover the Personal Incumbency Advantage.''},
	volume = {10},
	year = {2015}}

@article{fowler_hall_2014,
	author = {Fowler, Anthony and Hall, Andrew B.},
	date-added = {2020-08-06 21:55:01 +0000},
	date-modified = {2020-12-01 16:23:56 +0000},
	journal = {Quarterly Journal of Economics},
	number = {4},
	pages = {501-31},
	title = {Disentangling the Personal and Partisan Incumbency Advantages: Evidence from Close Elections and Term Limits},
	volume = {9},
	year = {2014}}

@article{fergusson_etal_2018,
	author = {Fergusson, Leopoldo and Larreguy, Horacio, and Riano, Juan Felipe},
	date-added = {2020-08-05 22:16:12 +0000},
	date-modified = {2020-08-05 22:16:57 +0000},
	journal = {Working paper},
	title = {Political Competition and State Capacity, Evidence from a Land Allocation Program in Mexico},
	year = {2018}}

@article{mansbridge_2009,
	author = {Mansbridge, Jane},
	date-added = {2020-08-04 01:18:12 +0000},
	date-modified = {2020-08-04 01:18:52 +0000},
	journal = {Journal of Political Philosophy},
	number = {4},
	pages = {369-98},
	title = {A Selection Model of Representation},
	volume = {17},
	year = {2009}}

@inbook{moreno_etal_2003,
	author = {Moreno, Erika and Crisp, Brian F. and Shurgart, Mattew S.},
	chapter = {The Accountability Deficit in Latin America},
	date-added = {2020-08-04 00:57:17 +0000},
	date-modified = {2020-08-04 00:58:28 +0000},
	editor = {Mainwaring, Scott and Welna, Christopher},
	publisher = {Oxford University Press},
	title = {Democratic Accountability in Latin America},
	year = {2003}}

@article{bhandari_etal_2019,
	author = {Bhandari, Abhit and Larreguy, Horacio, and Marshall, John},
	date-added = {2020-08-04 00:39:02 +0000},
	date-modified = {2020-08-04 00:39:42 +0000},
	journal = {Working paper},
	title = {Able and Most Willing: An Empirical Anatomy of Information's E ect on Voter-driven Accountability in Senegal},
	year = {2019}}

@book{dunning_etal_2019,
	author = {Dunning, Thad and Grossman, Guy adn Humphreys, Macartan, and Hyde, Susan D. and McIntosh, Craig and Nellis, Gareth},
	date-added = {2020-08-04 00:38:00 +0000},
	date-modified = {2020-08-04 00:38:55 +0000},
	publisher = {Cambridge University Press},
	title = {Information, Accountability, and Cumulative Learning: Lessons from Metaketa I},
	year = {2019}}

@article{ashworth_2012,
	author = {Ashworth, Scott},
	date-added = {2020-08-04 00:35:17 +0000},
	date-modified = {2020-08-04 00:36:02 +0000},
	journal = {Annual Review of Political Science},
	pages = {183-201},
	title = {Electoral accountability: recent theoretical and empirical work},
	year = {2012}}

@article{dekadt_etal_2017,
	author = {De Kadt, Daniel and Lieberman, Evan S.},
	date-added = {2020-08-03 22:53:31 +0000},
	date-modified = {2020-08-03 22:54:08 +0000},
	journal = {British Journal of Political Science},
	pages = {1-31},
	title = {Nuanced accountability: Voter responses to service delivery in southern Africa},
	year = {2017}}

@article{hidalgo_etal_2015,
	author = {Hidalgo, Daniel and Nichter, Simeon},
	date-added = {2020-08-03 22:52:33 +0000},
	date-modified = {2020-08-03 22:53:25 +0000},
	journal = {American Journal of Political Science},
	title = {Voter Buying: Shaping the Electorate through Clientelism},
	year = {2015}}

@article{boas_etal_2019,
	author = {Boas, Taylor and Hidalgo, Daniel and Toral, Guillermo},
	date-added = {2020-08-03 22:51:57 +0000},
	date-modified = {2020-08-03 22:52:23 +0000},
	journal = {Working paper},
	title = {Accountability backlash: Negative electoral responses to public service provision in brazil},
	year = {2019}}

@article{adida_etal_2017,
	author = {Adida, Claire, and Gottlieb, Jessica and Kramon, Eric and McClendon, Gwyneth},
	date-added = {2020-08-03 22:51:05 +0000},
	date-modified = {2020-08-03 22:51:51 +0000},
	journal = {Comparative Political Studies},
	title = {Breaking the clientelistic voting equilibrium: The joint importance of salience and coordination},
	year = {2017}}

@article{klasnja_2016,
	author = {Klasnja, Marko},
	date-added = {2020-08-03 22:16:57 +0000},
	date-modified = {2020-08-03 22:17:29 +0000},
	journal = {Journal of Theoretical Politics},
	number = {225-265},
	title = {Increasing rents and incumbency disadvantage},
	volume = {2},
	year = {28}}

@article{klasnja_2015,
	author = {Klasnja, Marko},
	date-added = {2020-08-03 22:16:07 +0000},
	date-modified = {2020-08-03 22:16:49 +0000},
	journal = {The Journal of Politics},
	number = {4},
	pages = {928-942},
	title = {Corruption and the incumbency disadvantage: Theory and evidence},
	volume = {77},
	year = {2015}}

@article{fisman_etal_2014,
	author = {Fisman, Raymond and Schulz, Florian and Vig, Vikrant},
	date-added = {2020-08-03 22:15:17 +0000},
	date-modified = {2020-08-03 22:16:02 +0000},
	journal = {Journal of Political Economy},
	title = {The private returns to public office},
	volume = {806-862},
	year = {2014}}

@article{coviello_etal_2017,
	author = {Coviello Decio and Gagliarducci, Stefano},
	date-added = {2020-08-03 22:14:28 +0000},
	date-modified = {2020-08-03 22:15:12 +0000},
	journal = {American Economic Journal: Economic Policy},
	number = {3},
	pages = {59-105},
	title = {Tenure in office and public procurement},
	volume = {9},
	year = {2017}}

@article{ch_2020,
	author = {Ch, Rafael},
	date-added = {2020-08-01 22:26:34 +0000},
	date-modified = {2020-08-01 22:27:50 +0000},
	journal = {Working paper, New York University},
	title = {Can Mediation Tackle Biased Beliefs, Polarization and Disengagement in Pacification Programs? A Field Experiment in Mexico},
	year = {2020}}

@article{calderon_etal_2015,
	author = {Calderon},
	date-added = {2020-08-01 22:24:54 +0000},
	date-modified = {2020-12-01 02:31:37 +0000},
	year = {2015}}

@article{guerrero_2011_b,
	date-added = {2020-08-01 22:24:07 +0000},
	date-modified = {2020-08-01 22:24:35 +0000}}

@article{robinson_verdier_2013,
	author = {Robinson, James A. and Verdier, Thierry},
	date-added = {2020-08-01 22:21:09 +0000},
	date-modified = {2020-08-01 22:21:43 +0000},
	journal = {Scandinavian Journal of Economics},
	number = {2},
	pages = {260-291},
	title = {The Political Economy of Clientelism},
	volume = {115},
	year = {2013}}

@article{gelman_imbens2014,
	author = {Gleman, A and Imbens, Guido W},
	date-added = {2020-07-31 20:47:48 +0000},
	date-modified = {2020-07-31 20:48:47 +0000},
	journal = {Working paper},
	title = {Why High-Order Polynomials Should Not be Used in Regression Discontinuity Designs},
	year = {2014}}

@article{grembi_2016,
	author = {Grembi, Veronica and Nannicini, Tommaso and Troiano, Ugo},
	date-added = {2020-07-31 20:47:08 +0000},
	date-modified = {2020-07-31 20:47:16 +0000},
	journal = {American Economic Journal: Applied Economics},
	number = {3},
	pages = {1--30},
	publisher = {American Economic Association},
	title = {Do fiscal rules matter?},
	volume = {8},
	year = {2016}}

@article{malani_rief_2015,
	date-added = {2020-07-31 03:41:31 +0000},
	date-modified = {2020-07-31 20:47:08 +0000}}

@article{chaisemarting_etal_2019,
	author = {de Chaisemartin, Clement and D'Haultfoeuille, Xavier},
	date-added = {2020-07-31 03:24:16 +0000},
	date-modified = {2020-07-31 03:24:54 +0000},
	journal = {American Economic Review},
	title = {Two-way fixed effects estimators with heterogeneous treatment effects},
	year = {Forthcoming}}

@article{rambachan_roth_2019,
	author = {Rambachan, Ashesh and Roth, Jonathan},
	date-added = {2020-07-31 03:16:02 +0000},
	date-modified = {2020-07-31 03:16:42 +0000},
	journal = {Working paper, Harvard University},
	month = {December},
	title = {An Honest Approach to Parallel Trends},
	year = {2019}}

@article{athey_etal_2020,
	author = {Athey, Susan and Bayati, Mohsen and Doudchenko, Nikolay and Imbens, Guido and Khosravi, Khashayar},
	date-added = {2020-07-31 03:05:57 +0000},
	date-modified = {2020-07-31 03:08:09 +0000},
	journal = {National Bureau of Economic Research},
	title = {Matrix Completion Methods for Causal Panel Data Models},
	year = {2020}}

@article{xu_2017,
	author = {Xu, Yiqing},
	date-added = {2020-07-31 03:04:56 +0000},
	date-modified = {2020-07-31 03:05:47 +0000},
	journal = {Political Analysis},
	pages = {57-76},
	title = {Generalized Synthetic Control Method: Causal Inference with Interactive Fixed Effects Models},
	volume = {25},
	year = {2017}}

@article{laakso_1979,
	author = {Laakso, Markku and Taagepera, Rein},
	date-added = {2020-07-30 21:53:30 +0000},
	date-modified = {2020-07-30 21:54:05 +0000},
	journal = {Comparative Political Studies},
	number = {1},
	pages = {3-27},
	title = {Effective Number of Parties: A Measure with Application to West Europe},
	volume = {12},
	year = {1979}}

@article{magar_2017,
	author = {Magar, Eric and Trelles, Alejandro and Altman, Micah and McDonald, Michael P.},
	date-added = {2020-07-30 21:46:42 +0000},
	date-modified = {2020-07-30 21:47:33 +0000},
	journal = {Political Geography},
	number = {1},
	pages = {1-12},
	title = {Components of partisan bias originating from single-member districts in multi-party systems: An application to Mexico},
	volume = {57},
	year = {2017}}

@article{magar_2012,
	author = {Magar, Eric},
	date-added = {2020-07-30 21:46:06 +0000},
	date-modified = {2020-07-30 21:46:39 +0000},
	journal = {The Journal of Politics},
	number = {2},
	pages = {383-399},
	title = {Gubernatorial Coattails in Mexican Congressional Elections},
	volume = {74},
	year = {2012}}

@article{mackinnon_maggie_1990,
	author = {MacKinnon, J.G. and Maggie, L.},
	date-added = {2020-07-30 20:03:28 +0000},
	date-modified = {2020-07-30 20:04:17 +0000},
	journal = {International Economic Review},
	number = {2},
	pages = {315-329},
	title = {Transforming the Dependent Variable in Regression Models},
	volume = {31},
	year = {1990}}

@book{ch_rivera_2013,
	author = {Ch, Rafael and Rivera, Marien},
	date-added = {2020-07-30 19:35:43 +0000},
	date-modified = {2020-07-30 19:36:58 +0000},
	publisher = {Centro de Investigacion para el Desarrollo, A.C.},
	title = {8 Delitos Primero},
	year = {2013}}

@article{rivera_2012,
	author = {Rivera, Marien},
	date-added = {2020-07-30 19:22:02 +0000},
	date-modified = {2020-07-30 19:22:41 +0000},
	journal = {Animal Politico},
	month = {August},
	title = {Homicidios: uno m{\'a}s uno no siempre son dos},
	url = {https://www.animalpolitico.com/tanque-pensante/homicidios-uno-mas-uno-no-siempre-son-dos/},
	year = {2012},
	Bdsk-Url-1 = {https://www.animalpolitico.com/tanque-pensante/homicidios-uno-mas-uno-no-siempre-son-dos/}}

@inbook{davis_2017,
	author = {Davis, Diane},
	chapter = {Violence, Fragmented Sovereignty, and Declining State Capacity: Rethinking the Legacies of Developmental Statism in Mexico},
	date-added = {2020-07-30 04:52:35 +0000},
	date-modified = {2020-07-30 04:53:39 +0000},
	editor = {Centeno, Miguel and Kohli, Atul and Yashar, Deborah},
	publisher = {Cambridge University Press},
	title = {States in the Developing World},
	year = {2017}}

@article{lopez_portillo_2012,
	author = {Lopez-Portillo, Ernesto},
	date-added = {2020-07-30 04:51:28 +0000},
	date-modified = {2020-07-30 04:52:31 +0000},
	journal = {Animal Politico},
	month = {November},
	title = {Dos horas en la Corte Interamericana de Derechos Humanos},
	url = {https://vimeopro.com/corteidh/caso-selvas-gomez-y-otras-vs-mexico/video/244048422},
	year = {2017},
	Bdsk-Url-1 = {https://vimeopro.com/corteidh/caso-selvas-gomez-y-otras-vs-mexico/video/244048422}}

@book{sabet_2012,
	author = {Sabet, D.M.},
	date-added = {2020-07-30 04:50:47 +0000},
	date-modified = {2020-07-30 04:51:24 +0000},
	publisher = {Stanford University Press},
	title = {Police reform in Mexico: informal politics and the challenge of institutional change},
	year = {2012}}

@article{zepeda_2010,
	author = {Zepeda, Ernesto},
	date-added = {2020-07-30 04:50:17 +0000},
	date-modified = {2020-07-30 04:50:44 +0000},
	year = {2010}}

@book{lopez_gonzalez_2012,
	author = {Lopez-Gonzalez, J.A.},
	date-added = {2020-07-30 04:49:38 +0000},
	date-modified = {2020-07-30 04:50:10 +0000},
	publisher = {Gernika: Mexico},
	title = {Presidencialistno y Fuerzas Armadas en Mexico 18762012 Una relacion de contrastes},
	year = {2012}}

@inbook{moloeznik_2010,
	author = {Moloeznik, Marcos Pablo},
	date-added = {2020-07-30 04:47:28 +0000},
	date-modified = {2020-07-30 04:49:34 +0000},
	editor = {Donelly, R.A. and Shirk, David A.},
	pages = {93-124},
	publisher = {TransBorder Institute. University of San Diego.},
	title = {The Militarization of Public Security and the Role of the Military in Mexico. In Police and Public Security in Mexico},
	year = {2010}}

@book{aguayo_2001,
	author = {Aguayo, S.},
	date-added = {2020-07-30 04:46:58 +0000},
	date-modified = {2020-07-30 04:47:23 +0000},
	publisher = {Grijalbo: Mexico, D.F.},
	title = {La charola: una historia de los servicios de inteligencia en M{\'e}xico},
	year = {2001}}

@article{magaloni_magaloni_razu_2018,
	author = {Magaloni, Beatriz and Magaloni, Ana Laura and Razu, Zaira},
	date-added = {2020-07-30 04:36:28 +0000},
	date-modified = {2020-07-30 04:37:23 +0000},
	journal = {Politica y Gobierno},
	number = {2},
	pages = {223-261},
	title = {La tortura como m{\'e}todo de investigaci{\'o}n criminal: el impacto de la guerra contra las drogas en M{\'e}xico.''},
	volume = {25},
	year = {2018}}

@article{moloeznik_etal_2012,
	author = {Moloeznik, Marcos Pablo and Suarez-de-Garay, Maria Eugenia},
	date-added = {2020-07-30 04:34:53 +0000},
	date-modified = {2020-07-30 04:49:23 +0000},
	journal = {Frontera norte},
	number = {48},
	pages = {121-144},
	title = {El proceso de militarizaci{\'o}n de la seguridad p{\'u}blica en M{\'e}xico (2006-2010)},
	volume = {24},
	year = {2012}}

@book{daly_etal_2012,
	author = {Daly, Catherine and Heinle, Kimberly and Shirk, David A.},
	date-added = {2020-07-30 04:34:05 +0000},
	date-modified = {2020-07-30 04:34:48 +0000},
	publisher = {TransBorder Institute. University of San Diego.},
	title = {Armed with Impunity. Curbing Military Human Rigths Abuses in Mexico},
	year = {2012}}

@article{rios_2013,
	author = {Rios, Viridiana},
	date-added = {2020-07-30 04:23:49 +0000},
	date-modified = {2020-07-30 04:24:39 +0000},
	journal = {Trends Organized Crime},
	pages = {138-155},
	title = {Why did Mexico become so violent? A self-reinforcing violent equilibrium caused by competition and enforcement},
	volume = {16},
	year = {2013}}

@article{zamitiz_2017,
	author = {Zamitiz-Gamboa, Hector},
	date-added = {2020-07-30 03:32:19 +0000},
	date-modified = {2020-07-30 03:33:25 +0000},
	journal = {Estudios Politicos},
	month = {Jan-Apr},
	title = {La reforma pol{\'\i}tico-electoral 2014-2015: {\^A}¿h{\'\i}brido institucional o avance gradual del sistema democr{\'a}tico en M{\'e}xico?},
	volume = {40},
	year = {2017}}

@inbook{weldon_2003,
	author = {Weldon, Jeffrey},
	chapter = {El Congreso, las Maquinarias Politicas Locales y el Maximato: Las Reforams No-Reeleccionistas de 1933},
	date-added = {2020-07-29 23:02:21 +0000},
	date-modified = {2020-07-29 23:04:24 +0000},
	editor = {Fernando Dworak},
	pages = {33-52},
	publisher = {Camara de Diputados del H. Congreso de la Union},
	title = {El legislador a examen. El debate sobre la reeleccion legislativa en Mexico},
	year = {2003}}

@article{cantu_2019,
	author = {Cantu, Francisco},
	date-added = {2020-07-29 22:16:33 +0000},
	date-modified = {2020-07-29 22:17:13 +0000},
	journal = {Journal of Politics},
	number = {3},
	title = {Groceries for Votes: The Electoral Returns of Vote Buying},
	volume = {81},
	year = {2019}}

@article{guerrero_2011,
	author = {Guerrero-Gutierrez, Eduardo},
	date-added = {2020-07-29 06:38:51 +0000},
	date-modified = {2020-07-29 06:39:53 +0000},
	journal = {Washington, DC: 7th North American Forum},
	title = {Security, Drugs, and Violence in Mexico: A Survey.},
	url = {http://iisdb.stanford.edu/evnts/6716/NAF_201},
	year = {2011},
	Bdsk-Url-1 = {http://iisdb.stanford.edu/evnts/6716/NAF_201}}

@article{escalante_2011,
	author = {Escalante, Fernando Gonzalbo},
	date-added = {2020-07-29 06:37:28 +0000},
	date-modified = {2020-12-01 00:59:30 +0000},
	journal = {Nexos},
	month = {January 1},
	title = {Homicidios 2008-2009: La muerte tiene permiso},
	url = {https://www.nexos.com.mx},
	year = {2011},
	Bdsk-Url-1 = {https://www.nexos.com.mx}}

@article{durante_gutierrez_2013,
	author = {Durante, Ruben and Gutierrez, Emilio},
	date-added = {2020-07-29 06:31:36 +0000},
	date-modified = {2020-07-29 06:37:25 +0000},
	journal = {Sciences Popublications},
	title = {Fighting Crime with a Little Help from My Friends: Party Affiliation, Inter-Jurisdictional Cooperation and Crime in Mexico},
	volume = {17},
	year = {2013}}

@article{dell_2015,
	author = {Dell, Melissa},
	date-added = {2020-07-29 06:19:00 +0000},
	date-modified = {2020-07-29 06:19:45 +0000},
	journal = {The American Economic Review},
	number = {6},
	pages = {1738-1779},
	title = {Trafficking Networks and the Mexican Drug War},
	volume = {105},
	year = {2015}}

@article{hall_etal_2018,
	author = {Hall, Andrew B. and Fouirnaies, Alexander},
	date-added = {2020-07-29 04:42:21 +0000},
	date-modified = {2020-07-29 04:42:58 +0000},
	journal = {Working paper},
	title = {How do Electoral Incentives Affect Legislator Behavior?},
	year = {2018}}

@article{alt_etal_2011,
	author = {Alt, James and Bueno de Mesquita, Ethan and Rose, Shanna},
	date-added = {2020-07-29 04:40:01 +0000},
	date-modified = {2020-07-29 04:40:52 +0000},
	journal = {Journal of Politics},
	number = {1},
	pages = {171-186},
	title = {Disentangling accountability and competence in elections: evidence from US term limits},
	volume = {73},
	year = {2011}}

@article{ferraz_finan_2011,
	author = {Ferraz, Claudio and Finan, Frederico F.},
	date-added = {2020-07-29 04:36:59 +0000},
	date-modified = {2020-07-29 04:37:49 +0000},
	journal = {American Economic Review},
	number = {4},
	pages = {1274-1311},
	title = {Electoral accountability and corruption: Evidence from the audits of local governments},
	volume = {101},
	year = {2011}}

@article{dalbo_etal_2017,
	author = {Dal B{\'o}, Ernesto and Finan, Frederico F. and Folke, Olle and Persson, Torsten, and Rickne Johanna},
	date-added = {2020-07-29 04:28:49 +0000},
	date-modified = {2020-07-29 04:36:45 +0000},
	journal = {Quarterly Journal of Economics},
	number = {4},
	pages = {1877-1914},
	title = {Who Becomes a Politician?},
	volume = {132},
	year = {2017}}

@article{calonicoetal_2014,
	author = {Calonico, Sebastian and Cattaneo, Matias D. and Titiunik, Rocio},
	date-added = {2020-07-19 01:56:27 +0000},
	date-modified = {2020-07-19 01:57:14 +0000},
	journal = {Econometrica},
	month = {November},
	number = {6},
	pages = {2295-2326},
	title = {Robust Nonparametric Confidence Intervals for Regression{\^a}Discontinuity Designs},
	volume = {82},
	year = {2014}}

@article{cengiz_etal_2019,
	author = {Cengiz, Doruk and Dube, Arindrajit and Linder, Attila and Zipperer, Ben},
	date-added = {2020-07-11 20:36:57 +0000},
	date-modified = {2020-07-11 20:38:17 +0000},
	journal = {National Bureau of Economic Research Working Paper No. 25434},
	title = {The Effect of Minimum Wages on Low-Wage Jobs: Evidence from the United States Using a Bunching Estimator},
	year = {2019}}

@article{abraham_sun_2020,
	author = {Sun, Liyang and Abraham, Sarah},
	date-added = {2020-06-16 00:55:59 +0000},
	date-modified = {2020-06-16 00:56:50 +0000},
	journal = {Working paper},
	title = {Estimating Dynamic Treatment Effects in Event Studies with Heterogeneous Treatment Effects},
	year = {2020}}

@article{strezhnev_2018,
	author = {Strezhnev, Anton},
	date-added = {2020-06-16 00:14:39 +0000},
	date-modified = {2020-06-16 00:14:59 +0000},
	journal = {Working paper},
	title = {Semiparametric weighting estimators for multi-period difference-in-difference designs},
	year = {2018}}

@article{goodman_bacon_2018,
	author = {Goodman-Bacon, Andrew},
	date-added = {2020-06-01 18:38:29 +0000},
	date-modified = {2020-06-01 18:38:29 +0000},
	journal = {National Bureau of Economic Research},
	month = {September},
	title = {Difference-in-Difference with variations in treatment timing},
	year = {2018}}

@article{callaway_santana_2019,
	author = {Callaway, Brantly and Sant'Anna, Pedro H.},
	date-added = {2020-06-01 18:38:26 +0000},
	date-modified = {2020-06-01 18:38:26 +0000},
	journal = {Working paper},
	title = {Difference-in-Difference with Multiple Time Periods},
	year = {2019}}

@article{motolinia_2020,
	author = {Motolinia, Lucia},
	date-added = {2020-05-24 01:47:57 +0000},
	date-modified = {2020-05-24 01:48:32 +0000},
	journal = {Working paper},
	title = {Electoral Accountability and Particularistic Legislation: Evidence from an Electoral Reform in Mexico},
	year = {2020}}

@article{anton_2018,
	author = {Strezhnev, Anton},
	date-added = {2020-05-24 01:19:16 +0000},
	date-modified = {2020-05-24 01:19:51 +0000},
	journal = {Working paper},
	title = {Semiparametric weighting estimators for multi-period difference-in-difference designs},
	year = {2018}}

@article{besley95,
	author = {Besley, Timothy and Case, Anne},
	date-added = {2020-05-23 23:41:37 +0000},
	date-modified = {2020-05-23 23:42:34 +0000},
	journal = {The Quarterly Journal of Economics},
	number = {3},
	pages = {769-798},
	title = {Does electoral accountability affect economic policy choices? Evidence from gubernatorial term limits},
	volume = {110},
	year = {1995}}

@article{canen_etal_2020,
	author = {Canen, Nathan and Ch, Rafael and Wantchekon, Leonard},
	date-added = {2020-05-23 19:52:16 +0000},
	date-modified = {2020-05-23 19:53:25 +0000},
	journal = {Working paper},
	title = {Political Uncertainty, Market Structure and the Forms of State Capture},
	year = {2020}}

@article{weaver_2020,
	author = {Weaver, Julie Anne},
	date-added = {2020-05-23 19:40:06 +0000},
	date-modified = {2020-05-23 19:41:28 +0000},
	journal = {Working paper, Harvard University},
	title = {Electoral Dis-connection: The Limits of Re-Election in Contexts of Weak Accountability},
	year = {2020}}

@book{mayhew_1974,
	author = {Mayhew, David R.},
	date-added = {2020-05-23 19:39:28 +0000},
	date-modified = {2020-05-23 19:39:57 +0000},
	publisher = {Yale University Press},
	title = {Congress: The electoral connection},
	year = {1974}}

@article{klasnja_titiunik_2017,
	author = {Klasnja, Marko and Titiunik, Rocio},
	date-added = {2020-05-23 03:05:22 +0000},
	date-modified = {2020-05-23 03:06:16 +0000},
	journal = {American Political Science Review},
	number = {1},
	pages = {129-148},
	title = {The Incumbency Curse: Weak Parties, Term Limits, and Unfulfilled Accountability},
	volume = {111},
	year = {2017}}

@article{samuels_shugart_2010,
	author = {Samuels, David J. and Shugart, Matthew S.},
	date-added = {2020-05-23 03:04:01 +0000},
	date-modified = {2020-05-23 03:05:06 +0000},
	journal = {Journal of Theoretical Politics},
	number = {1},
	pages = {33-60},
	title = {Presidentialism, Elections and Representation},
	volume = {15},
	year = {2010}}

@inbook{manin_etal_1999,
	author = {Manin, Bernard and Przeworski, Adam and Stokes, Susan C.},
	chapter = {Elections and Representation},
	date-added = {2020-05-23 02:56:33 +0000},
	date-modified = {2020-05-23 02:57:53 +0000},
	editor = {Przeworski, Adam and Stockes, Susan C. and Manin, Bernard},
	publisher = {Cambridge University Press},
	title = {Democracy, Accountability, and Representation},
	year = {1999}}

@book{berman_lake_2019,
	date-added = {2020-05-23 02:32:49 +0000},
	date-modified = {2020-05-23 02:33:40 +0000},
	editor = {Berman, Eli and Lake, David A.},
	publisher = {Cornell Univesity Press},
	title = {Proxy Wars, Suprressing Violence Through Local Agents},
	year = {2019}}
