%% This BibTeX bibliography file was created using BibDesk.
%% http://bibdesk.sourceforge.net/

%% Created for Rafael Jafet Ch Duran at 2020-12-01 13:15:49 -0500 


%% Saved with string encoding Unicode (UTF-8) 



@article{ashworth_etal_2019,
	Author = {Ashworth, Scott and Bueno de Mesquita, Ethan and Friedenberg, Amanda},
	Date-Added = {2020-12-01 02:01:22 +0000},
	Date-Modified = {2020-12-01 02:01:49 +0000},
	Journal = {Working paper},
	Title = {Incumbency and Information},
	Year = {2019}}

@article{ashworth_bdm_2008,
	Author = {Ashworth, Scott and Bueno de Mesquita, Ethan},
	Date-Added = {2020-12-01 02:00:14 +0000},
	Date-Modified = {2020-12-01 02:01:03 +0000},
	Journal = {Journal of Politics},
	Number = {4},
	Pages = {1006-1025},
	Title = {Electoral Selection, Strategic Challenger Entry, and the Incumbency Advantage},
	Volume = {70},
	Year = {2008}}

@article{eggers_2017,
	Author = {Eggers, Andy},
	Date-Added = {2020-12-01 01:59:26 +0000},
	Date-Modified = {2020-12-01 01:59:44 +0000},
	Title = {Quality-Based Explanations of Incumbency Effects},
	Year = {2017}}

@article{ansolabehere_snyder_2000,
	Author = {Ansolabehere, Steven, and Snyder, James M. and Stewart, Charles},
	Date-Added = {2020-12-01 01:58:10 +0000},
	Date-Modified = {2020-12-01 01:59:05 +0000},
	Journal = {American Political Science Review},
	Number = {1},
	Pages = {17-34},
	Title = {Old Voters, New Voters, and the Personal Vote: Using Redistricting to Measure the Incumbency Advantage},
	Volume = {44},
	Year = {2000}}

@article{levitt_wolfram_1997,
	Author = {Levitt, Steven D. and Wolfram, Catherine D.},
	Date-Added = {2020-12-01 01:57:08 +0000},
	Date-Modified = {2020-12-01 01:57:46 +0000},
	Journal = {Legislative Studies Quarterly},
	Pages = {45-60},
	Title = {Decomposing the Sources of Incumbency Advantage in the US House},
	Year = {1997}}

@article{cox_morgensten_1993,
	Author = {Cox, Gary W., and Morgenstern, Scott},
	Date-Added = {2020-12-01 01:55:58 +0000},
	Date-Modified = {2020-12-01 01:56:36 +0000},
	Journal = {Legislative Studies Quarterly},
	Number = {4},
	Pages = {495-514},
	Title = {The Increasing Advantage of Incumbency in the US States},
	Volume = {18},
	Year = {1993}}

@article{king_1991,
	Author = {King, Gary},
	Date-Added = {2020-12-01 01:55:12 +0000},
	Date-Modified = {2020-12-01 01:55:41 +0000},
	Journal = {British Journal of Political Science},
	Number = {1},
	Pages = {119-28},
	Title = {Constituency Service and Incumbency Advantage},
	Volume = {21},
	Year = {1991}}

@book{fiorina_1989,
	Author = {Fiorina, Morris P.},
	Date-Added = {2020-12-01 01:54:18 +0000},
	Date-Modified = {2020-12-01 01:55:03 +0000},
	Publisher = {Yale University Press},
	Title = {Congress: Keystone of the Washington establishment},
	Year = {1989}}

@book{cox_katz_2002,
	Author = {Cox, Gary W. and Katz, Jonathan N.},
	Date-Added = {2020-12-01 01:48:32 +0000},
	Date-Modified = {2020-12-01 01:49:02 +0000},
	Publisher = {Cambridge University Press},
	Title = {Elbridge Gerry's Salamander: The Electoral Conse- quences of the Reapportionment Revolution.},
	Year = {2002}}

@inbook{katz_1985,
	Author = {Katz, Richard S.},
	Chapter = {Intraparty preference voting},
	Date-Added = {2020-12-01 01:25:22 +0000},
	Date-Modified = {2020-12-01 01:26:39 +0000},
	Pages = {85-103},
	Publisher = {Agathon Press},
	Title = {Electoral laws and their political consequences},
	Year = {1985}}

@article{carey_shugart_1995,
	Author = {Carey and Shugart, Matthew S.},
	Date-Added = {2020-12-01 01:24:42 +0000},
	Date-Modified = {2020-12-01 01:25:17 +0000},
	Journal = {Electoral Studies},
	Number = {4},
	Pages = {417-439},
	Title = {Incentives to cultivate a personal vote},
	Volume = {14},
	Year = {1995}}

@article{schedler_2001,
	Author = {Schedler, A.},
	Date-Added = {2020-12-01 01:07:54 +0000},
	Date-Modified = {2020-12-01 01:08:21 +0000},
	Journal = {Studies in Comparative International Development},
	Number = {1},
	Title = {Measuring democratic consolidation},
	Volume = {36},
	Year = {2001}}

@article{cox_katz_1996,
	Author = {Cox, Gary W. and Katz, Jonathan N.},
	Date-Added = {2020-12-01 00:54:47 +0000},
	Date-Modified = {2020-12-01 00:56:20 +0000},
	Journal = {American Political Science Review},
	Pages = {478-497},
	Title = {Why Did the Incumbency Advantage in U.S. House Elections Grow?},
	Volume = {40},
	Year = {1996}}

@book{ley_trejo_2020,
	Author = {Ley, Sandra and Trejo, Guillermo},
	Date-Added = {2020-12-01 00:24:30 +0000},
	Date-Modified = {2020-12-01 00:29:29 +0000},
	Publisher = {Cambridge University Press},
	Title = {Votes, Drugs, and Violence. The Political Logic of Criminal Wars in Mexico},
	Year = {2020}}

@article{ley_2017,
	Author = {Ley, Sandra},
	Date-Added = {2020-12-01 00:14:03 +0000},
	Date-Modified = {2020-12-01 00:23:23 +0000},
	Journal = {Latin American Politics and Society},
	Number = {1},
	Pages = {3-27},
	Title = {Electoral Accountability in the Midst of Criminal Violence: Evidence from Mexico},
	Volume = {59},
	Year = {2017}}

@article{moloeznik_2016,
	Author = {Moloeznik, Marcos Pablo},
	Date-Added = {2020-09-13 00:03:56 +0000},
	Date-Modified = {2020-09-13 00:04:29 +0000},
	Journal = {Working paper, CIDE},
	Title = {{\^A}Â¿Qu{\'e} es realmente el modelo de mando policial {\'u}nico?},
	Year = {2016}}

@article{camilo_etal_2018,
	Author = {Camilo Castillo, Juan and Mejia, Daniel and Restrepo, Pascual},
	Date-Added = {2020-08-26 01:36:39 +0000},
	Date-Modified = {2020-08-26 01:38:19 +0000},
	Journal = {Review of Economics and Statistics},
	Number = {2},
	Pages = {269-286},
	Title = {Scarcity without Leviathan: The Violent Effects of Cocaine Supply Shortages in the Mexican Drug War},
	Volume = {102},
	Year = {2020}}

@article{ferraz_finan_2008,
	Author = {Ferraz, Claudio and Finan, Frederico F.},
	Date-Added = {2020-08-25 22:02:16 +0000},
	Date-Modified = {2020-08-25 22:04:10 +0000},
	Journal = {Quarterly Journal of Economics},
	Number = {2},
	Pages = {703-45},
	Title = {Exposing Corrupt Politicians: The Effects of Brazil's Publicly Released Audits on Electoral Outcomes},
	Volume = {123},
	Year = {2008}}

@article{castillo_etal_2018,
	Author = {Castillo, Juan Camilo and Mejia, Daniel and Restrepo, Pascual},
	Date-Added = {2020-08-10 19:28:09 +0000},
	Date-Modified = {2020-08-10 19:28:59 +0000},
	Journal = {Working paper},
	Title = {Scarcity without Leviathan: The Violent Effects of Cocaine Supply Shortages in the Mexican Drug War},
	Year = {2018}}

@article{cornelius_2002,
	Author = {Cornelius, W.A.},
	Date-Added = {2020-08-08 01:54:19 +0000},
	Date-Modified = {2020-08-08 01:55:09 +0000},
	Journal = {Perfiles Latinoamericanos},
	Pages = {11-31},
	Title = {La e cacia de la compra y coaccin del voto en las elecciones mexicanas de 2000},
	Volume = {20},
	Year = {2002}}

@article{larreguy_2013,
	Author = {Larreguy, Horacio},
	Date-Added = {2020-08-08 01:52:58 +0000},
	Date-Modified = {2020-08-08 01:54:09 +0000},
	Journal = {Working paper},
	Title = {Monitoring Political Brokers: Evidence from Clientelistic Networks in Mexico},
	Year = {2013}}

@inbook{weldon_1997,
	Author = {Weldon, Jeffrey},
	Chapter = {Political Sources of Presidencialismo in Mexico},
	Date-Added = {2020-08-08 01:27:29 +0000},
	Date-Modified = {2020-08-08 01:28:39 +0000},
	Editor = {Mainwaring, Scott and Shugart, Matthew S.},
	Pages = {227},
	Publisher = {Cambridge University Press},
	Title = {Presidentialism and Democracy in Latin America},
	Year = {1997}}

@book{mayhew_1986,
	Author = {Mayhew, David R.},
	Date-Added = {2020-08-07 18:39:22 +0000},
	Date-Modified = {2020-08-07 18:40:24 +0000},
	Publisher = {Princeton University Press},
	Title = {Placing Parties in American Politics},
	Year = {1986}}

@book{magaloni_2009,
	Author = {Magaloni, Beatriz},
	Date-Added = {2020-08-07 05:40:33 +0000},
	Date-Modified = {2020-08-07 05:41:11 +0000},
	Publisher = {Cambridge University Press},
	Title = {Voting for Autocracy: Hegemonic Party Survival and its Demise in Mexico},
	Year = {2009}}

@book{mainwaring_scully_1995,
	Author = {Mainwaring, Scott and Scully, Timothy R.},
	Date-Added = {2020-08-07 01:22:52 +0000},
	Date-Modified = {2020-08-07 05:40:18 +0000},
	Publisher = {Stanford University Press},
	Title = {Building Democratic Institutions: Parties and Party Systems in Latin America},
	Year = {1995}}

@article{ch_etal_2018,
	Author = {Ch, Rafael and Shapiro, Jacob N. and Steele, Abbey and Vargas, Juan F.},
	Date-Added = {2020-08-06 22:59:55 +0000},
	Date-Modified = {2020-08-06 23:02:50 +0000},
	Journal = {American Political Science Review},
	Number = {4},
	Pages = {996-1015},
	Title = {Endogenous Taxation in Ongoing Internal Conflict: The Case of Colombia},
	Volume = {112},
	Year = {2018}}

@article{erikson_titiunik_2015,
	Author = {Erikson, Robert and Titiunik, Rocio},
	Date-Added = {2020-08-06 21:55:41 +0000},
	Date-Modified = {2020-08-06 21:56:12 +0000},
	Journal = {Quarterly Journal of Political Science},
	Number = {2},
	Pages = {101-19},
	Title = {Using Regression Discontinuity to Uncover the Personal Incumbency Advantage.''},
	Volume = {10},
	Year = {2015}}

@article{fowler_hall_2014,
	Author = {Fowler, Anthony and Hall, Andrew B.},
	Date-Added = {2020-08-06 21:55:01 +0000},
	Date-Modified = {2020-12-01 16:23:56 +0000},
	Journal = {Quarterly Journal of Economics},
	Number = {4},
	Pages = {501-31},
	Title = {Disentangling the Personal and Partisan Incumbency Advantages: Evidence from Close Elections and Term Limits},
	Volume = {9},
	Year = {2014}}

@article{fergusson_etal_2018,
	Author = {Fergusson, Leopoldo and Larreguy, Horacio, and Riano, Juan Felipe},
	Date-Added = {2020-08-05 22:16:12 +0000},
	Date-Modified = {2020-08-05 22:16:57 +0000},
	Journal = {Working paper},
	Title = {Political Competition and State Capacity, Evidence from a Land Allocation Program in Mexico},
	Year = {2018}}

@article{mansbridge_2009,
	Author = {Mansbridge, Jane},
	Date-Added = {2020-08-04 01:18:12 +0000},
	Date-Modified = {2020-08-04 01:18:52 +0000},
	Journal = {Journal of Political Philosophy},
	Number = {4},
	Pages = {369-98},
	Title = {A Selection Model of Representation},
	Volume = {17},
	Year = {2009}}

@inbook{moreno_etal_2003,
	Author = {Moreno, Erika and Crisp, Brian F. and Shurgart, Mattew S.},
	Chapter = {The Accountability Deficit in Latin America},
	Date-Added = {2020-08-04 00:57:17 +0000},
	Date-Modified = {2020-08-04 00:58:28 +0000},
	Editor = {Mainwaring, Scott and Welna, Christopher},
	Publisher = {Oxford University Press},
	Title = {Democratic Accountability in Latin America},
	Year = {2003}}

@article{bhandari_etal_2019,
	Author = {Bhandari, Abhit and Larreguy, Horacio, and Marshall, John},
	Date-Added = {2020-08-04 00:39:02 +0000},
	Date-Modified = {2020-08-04 00:39:42 +0000},
	Journal = {Working paper},
	Title = {Able and Most Willing: An Empirical Anatomy of Information's E ect on Voter-driven Accountability in Senegal},
	Year = {2019}}

@book{dunning_etal_2019,
	Author = {Dunning, Thad and Grossman, Guy adn Humphreys, Macartan, and Hyde, Susan D. and McIntosh, Craig and Nellis, Gareth},
	Date-Added = {2020-08-04 00:38:00 +0000},
	Date-Modified = {2020-08-04 00:38:55 +0000},
	Publisher = {Cambridge University Press},
	Title = {Information, Accountability, and Cumulative Learning: Lessons from Metaketa I},
	Year = {2019}}

@article{ashworth_2012,
	Author = {Ashworth, Scott},
	Date-Added = {2020-08-04 00:35:17 +0000},
	Date-Modified = {2020-08-04 00:36:02 +0000},
	Journal = {Annual Review of Political Science},
	Pages = {183-201},
	Title = {Electoral accountability: recent theoretical and empirical work},
	Year = {2012}}

@article{dekadt_etal_2017,
	Author = {De Kadt, Daniel and Lieberman, Evan S.},
	Date-Added = {2020-08-03 22:53:31 +0000},
	Date-Modified = {2020-08-03 22:54:08 +0000},
	Journal = {British Journal of Political Science},
	Pages = {1-31},
	Title = {Nuanced accountability: Voter responses to service delivery in southern Africa},
	Year = {2017}}

@article{hidalgo_etal_2015,
	Author = {Hidalgo, Daniel and Nichter, Simeon},
	Date-Added = {2020-08-03 22:52:33 +0000},
	Date-Modified = {2020-08-03 22:53:25 +0000},
	Journal = {American Journal of Political Science},
	Title = {Voter Buying: Shaping the Electorate through Clientelism},
	Year = {2015}}

@article{boas_etal_2019,
	Author = {Boas, Taylor and Hidalgo, Daniel and Toral, Guillermo},
	Date-Added = {2020-08-03 22:51:57 +0000},
	Date-Modified = {2020-08-03 22:52:23 +0000},
	Journal = {Working paper},
	Title = {Accountability backlash: Negative electoral responses to public service provision in brazil},
	Year = {2019}}

@article{adida_etal_2017,
	Author = {Adida, Claire, and Gottlieb, Jessica and Kramon, Eric and McClendon, Gwyneth},
	Date-Added = {2020-08-03 22:51:05 +0000},
	Date-Modified = {2020-08-03 22:51:51 +0000},
	Journal = {Comparative Political Studies},
	Title = {Breaking the clientelistic voting equilibrium: The joint importance of salience and coordination},
	Year = {2017}}

@article{klasnja_2016,
	Author = {Klasnja, Marko},
	Date-Added = {2020-08-03 22:16:57 +0000},
	Date-Modified = {2020-08-03 22:17:29 +0000},
	Journal = {Journal of Theoretical Politics},
	Number = {225-265},
	Title = {Increasing rents and incumbency disadvantage},
	Volume = {2},
	Year = {28}}

@article{klasnja_2015,
	Author = {Klasnja, Marko},
	Date-Added = {2020-08-03 22:16:07 +0000},
	Date-Modified = {2020-08-03 22:16:49 +0000},
	Journal = {The Journal of Politics},
	Number = {4},
	Pages = {928-942},
	Title = {Corruption and the incumbency disadvantage: Theory and evidence},
	Volume = {77},
	Year = {2015}}

@article{fisman_etal_2014,
	Author = {Fisman, Raymond and Schulz, Florian and Vig, Vikrant},
	Date-Added = {2020-08-03 22:15:17 +0000},
	Date-Modified = {2020-08-03 22:16:02 +0000},
	Journal = {Journal of Political Economy},
	Title = {The private returns to public office},
	Volume = {806-862},
	Year = {2014}}

@article{coviello_etal_2017,
	Author = {Coviello Decio and Gagliarducci, Stefano},
	Date-Added = {2020-08-03 22:14:28 +0000},
	Date-Modified = {2020-08-03 22:15:12 +0000},
	Journal = {American Economic Journal: Economic Policy},
	Number = {3},
	Pages = {59-105},
	Title = {Tenure in office and public procurement},
	Volume = {9},
	Year = {2017}}

@article{ch_2020,
	Author = {Ch, Rafael},
	Date-Added = {2020-08-01 22:26:34 +0000},
	Date-Modified = {2020-08-01 22:27:50 +0000},
	Journal = {Working paper, New York University},
	Title = {Can Mediation Tackle Biased Beliefs, Polarization and Disengagement in Pacification Programs? A Field Experiment in Mexico},
	Year = {2020}}

@article{calderon_etal_2015,
	Author = {Calderon},
	Date-Added = {2020-08-01 22:24:54 +0000},
	Date-Modified = {2020-12-01 02:31:37 +0000},
	Year = {2015}}

@article{guerrero_2011_b,
	Date-Added = {2020-08-01 22:24:07 +0000},
	Date-Modified = {2020-08-01 22:24:35 +0000}}

@article{robinson_verdier_2013,
	Author = {Robinson, James A. and Verdier, Thierry},
	Date-Added = {2020-08-01 22:21:09 +0000},
	Date-Modified = {2020-08-01 22:21:43 +0000},
	Journal = {Scandinavian Journal of Economics},
	Number = {2},
	Pages = {260-291},
	Title = {The Political Economy of Clientelism},
	Volume = {115},
	Year = {2013}}

@article{gelman_imbens2014,
	Author = {Gleman, A and Imbens, Guido W},
	Date-Added = {2020-07-31 20:47:48 +0000},
	Date-Modified = {2020-07-31 20:48:47 +0000},
	Journal = {Working paper},
	Title = {Why High-Order Polynomials Should Not be Used in Regression Discontinuity Designs},
	Year = {2014}}

@article{grembi_2016,
	Author = {Grembi, Veronica and Nannicini, Tommaso and Troiano, Ugo},
	Date-Added = {2020-07-31 20:47:08 +0000},
	Date-Modified = {2020-07-31 20:47:16 +0000},
	Journal = {American Economic Journal: Applied Economics},
	Number = {3},
	Pages = {1--30},
	Publisher = {American Economic Association},
	Title = {Do fiscal rules matter?},
	Volume = {8},
	Year = {2016}}

@article{malani_rief_2015,
	Date-Added = {2020-07-31 03:41:31 +0000},
	Date-Modified = {2020-07-31 20:47:08 +0000}}

@article{chaisemarting_etal_2019,
	Author = {de Chaisemartin, Clement and D'Haultfoeuille, Xavier},
	Date-Added = {2020-07-31 03:24:16 +0000},
	Date-Modified = {2020-07-31 03:24:54 +0000},
	Journal = {American Economic Review},
	Title = {Two-way fixed effects estimators with heterogeneous treatment effects},
	Year = {Forthcoming}}

@article{rambachan_roth_2019,
	Author = {Rambachan, Ashesh and Roth, Jonathan},
	Date-Added = {2020-07-31 03:16:02 +0000},
	Date-Modified = {2020-07-31 03:16:42 +0000},
	Journal = {Working paper, Harvard University},
	Month = {December},
	Title = {An Honest Approach to Parallel Trends},
	Year = {2019}}

@article{athey_etal_2020,
	Author = {Athey, Susan and Bayati, Mohsen and Doudchenko, Nikolay and Imbens, Guido and Khosravi, Khashayar},
	Date-Added = {2020-07-31 03:05:57 +0000},
	Date-Modified = {2020-07-31 03:08:09 +0000},
	Journal = {National Bureau of Economic Research},
	Title = {Matrix Completion Methods for Causal Panel Data Models},
	Year = {2020}}

@article{xu_2017,
	Author = {Xu, Yiqing},
	Date-Added = {2020-07-31 03:04:56 +0000},
	Date-Modified = {2020-07-31 03:05:47 +0000},
	Journal = {Political Analysis},
	Pages = {57-76},
	Title = {Generalized Synthetic Control Method: Causal Inference with Interactive Fixed Effects Models},
	Volume = {25},
	Year = {2017}}

@article{laakso_1979,
	Author = {Laakso, Markku and Taagepera, Rein},
	Date-Added = {2020-07-30 21:53:30 +0000},
	Date-Modified = {2020-07-30 21:54:05 +0000},
	Journal = {Comparative Political Studies},
	Number = {1},
	Pages = {3-27},
	Title = {Effective Number of Parties: A Measure with Application to West Europe},
	Volume = {12},
	Year = {1979}}

@article{magar_2017,
	Author = {Magar, Eric and Trelles, Alejandro and Altman, Micah and McDonald, Michael P.},
	Date-Added = {2020-07-30 21:46:42 +0000},
	Date-Modified = {2020-07-30 21:47:33 +0000},
	Journal = {Political Geography},
	Number = {1},
	Pages = {1-12},
	Title = {Components of partisan bias originating from single-member districts in multi-party systems: An application to Mexico},
	Volume = {57},
	Year = {2017}}

@article{magar_2012,
	Author = {Magar, Eric},
	Date-Added = {2020-07-30 21:46:06 +0000},
	Date-Modified = {2020-07-30 21:46:39 +0000},
	Journal = {The Journal of Politics},
	Number = {2},
	Pages = {383-399},
	Title = {Gubernatorial Coattails in Mexican Congressional Elections},
	Volume = {74},
	Year = {2012}}

@article{mackinnon_maggie_1990,
	Author = {MacKinnon, J.G. and Maggie, L.},
	Date-Added = {2020-07-30 20:03:28 +0000},
	Date-Modified = {2020-07-30 20:04:17 +0000},
	Journal = {International Economic Review},
	Number = {2},
	Pages = {315-329},
	Title = {Transforming the Dependent Variable in Regression Models},
	Volume = {31},
	Year = {1990}}

@book{ch_rivera_2013,
	Author = {Ch, Rafael and Rivera, Marien},
	Date-Added = {2020-07-30 19:35:43 +0000},
	Date-Modified = {2020-07-30 19:36:58 +0000},
	Publisher = {Centro de Investigacion para el Desarrollo, A.C.},
	Title = {8 Delitos Primero},
	Year = {2013}}

@article{rivera_2012,
	Author = {Rivera, Marien},
	Date-Added = {2020-07-30 19:22:02 +0000},
	Date-Modified = {2020-07-30 19:22:41 +0000},
	Journal = {Animal Politico},
	Month = {August},
	Title = {Homicidios: uno m{\'a}s uno no siempre son dos},
	Url = {https://www.animalpolitico.com/tanque-pensante/homicidios-uno-mas-uno-no-siempre-son-dos/},
	Year = {2012},
	Bdsk-Url-1 = {https://www.animalpolitico.com/tanque-pensante/homicidios-uno-mas-uno-no-siempre-son-dos/}}

@inbook{davis_2017,
	Author = {Davis, Diane},
	Chapter = {Violence, Fragmented Sovereignty, and Declining State Capacity: Rethinking the Legacies of Developmental Statism in Mexico},
	Date-Added = {2020-07-30 04:52:35 +0000},
	Date-Modified = {2020-07-30 04:53:39 +0000},
	Editor = {Centeno, Miguel and Kohli, Atul and Yashar, Deborah},
	Publisher = {Cambridge University Press},
	Title = {States in the Developing World},
	Year = {2017}}

@article{lopez_portillo_2012,
	Author = {Lopez-Portillo, Ernesto},
	Date-Added = {2020-07-30 04:51:28 +0000},
	Date-Modified = {2020-07-30 04:52:31 +0000},
	Journal = {Animal Politico},
	Month = {November},
	Title = {Dos horas en la Corte Interamericana de Derechos Humanos},
	Url = {https://vimeopro.com/corteidh/caso-selvas-gomez-y-otras-vs-mexico/video/244048422},
	Year = {2017},
	Bdsk-Url-1 = {https://vimeopro.com/corteidh/caso-selvas-gomez-y-otras-vs-mexico/video/244048422}}

@book{sabet_2012,
	Author = {Sabet, D.M.},
	Date-Added = {2020-07-30 04:50:47 +0000},
	Date-Modified = {2020-07-30 04:51:24 +0000},
	Publisher = {Stanford University Press},
	Title = {Police reform in Mexico: informal politics and the challenge of institutional change},
	Year = {2012}}

@article{zepeda_2010,
	Author = {Zepeda, Ernesto},
	Date-Added = {2020-07-30 04:50:17 +0000},
	Date-Modified = {2020-07-30 04:50:44 +0000},
	Year = {2010}}

@book{lopez_gonzalez_2012,
	Author = {Lopez-Gonzalez, J.A.},
	Date-Added = {2020-07-30 04:49:38 +0000},
	Date-Modified = {2020-07-30 04:50:10 +0000},
	Publisher = {Gernika: Mexico},
	Title = {Presidencialistno y Fuerzas Armadas en Mexico 18762012 Una relacion de contrastes},
	Year = {2012}}

@inbook{moloeznik_2010,
	Author = {Moloeznik, Marcos Pablo},
	Date-Added = {2020-07-30 04:47:28 +0000},
	Date-Modified = {2020-07-30 04:49:34 +0000},
	Editor = {Donelly, R.A. and Shirk, David A.},
	Pages = {93-124},
	Publisher = {TransBorder Institute. University of San Diego.},
	Title = {The Militarization of Public Security and the Role of the Military in Mexico. In Police and Public Security in Mexico},
	Year = {2010}}

@book{aguayo_2001,
	Author = {Aguayo, S.},
	Date-Added = {2020-07-30 04:46:58 +0000},
	Date-Modified = {2020-07-30 04:47:23 +0000},
	Publisher = {Grijalbo: Mexico, D.F.},
	Title = {La charola: una historia de los servicios de inteligencia en M{\'e}xico},
	Year = {2001}}

@article{magaloni_magaloni_razu_2018,
	Author = {Magaloni, Beatriz and Magaloni, Ana Laura and Razu, Zaira},
	Date-Added = {2020-07-30 04:36:28 +0000},
	Date-Modified = {2020-07-30 04:37:23 +0000},
	Journal = {Politica y Gobierno},
	Number = {2},
	Pages = {223-261},
	Title = {La tortura como m{\'e}todo de investigaci{\'o}n criminal: el impacto de la guerra contra las drogas en M{\'e}xico.''},
	Volume = {25},
	Year = {2018}}

@article{moloeznik_etal_2012,
	Author = {Moloeznik, Marcos Pablo and Suarez-de-Garay, Maria Eugenia},
	Date-Added = {2020-07-30 04:34:53 +0000},
	Date-Modified = {2020-07-30 04:49:23 +0000},
	Journal = {Frontera norte},
	Number = {48},
	Pages = {121-144},
	Title = {El proceso de militarizaci{\'o}n de la seguridad p{\'u}blica en M{\'e}xico (2006-2010)},
	Volume = {24},
	Year = {2012}}

@book{daly_etal_2012,
	Author = {Daly, Catherine and Heinle, Kimberly and Shirk, David A.},
	Date-Added = {2020-07-30 04:34:05 +0000},
	Date-Modified = {2020-07-30 04:34:48 +0000},
	Publisher = {TransBorder Institute. University of San Diego.},
	Title = {Armed with Impunity. Curbing Military Human Rigths Abuses in Mexico},
	Year = {2012}}

@article{rios_2013,
	Author = {Rios, Viridiana},
	Date-Added = {2020-07-30 04:23:49 +0000},
	Date-Modified = {2020-07-30 04:24:39 +0000},
	Journal = {Trends Organized Crime},
	Pages = {138-155},
	Title = {Why did Mexico become so violent? A self-reinforcing violent equilibrium caused by competition and enforcement},
	Volume = {16},
	Year = {2013}}

@article{zamitiz_2017,
	Author = {Zamitiz-Gamboa, Hector},
	Date-Added = {2020-07-30 03:32:19 +0000},
	Date-Modified = {2020-07-30 03:33:25 +0000},
	Journal = {Estudios Politicos},
	Month = {Jan-Apr},
	Title = {La reforma pol{\'\i}tico-electoral 2014-2015: {\^A}Â¿h{\'\i}brido institucional o avance gradual del sistema democr{\'a}tico en M{\'e}xico?},
	Volume = {40},
	Year = {2017}}

@inbook{weldon_2003,
	Author = {Weldon, Jeffrey},
	Chapter = {El Congreso, las Maquinarias Politicas Locales y el Maximato: Las Reforams No-Reeleccionistas de 1933},
	Date-Added = {2020-07-29 23:02:21 +0000},
	Date-Modified = {2020-07-29 23:04:24 +0000},
	Editor = {Fernando Dworak},
	Pages = {33-52},
	Publisher = {Camara de Diputados del H. Congreso de la Union},
	Title = {El legislador a examen. El debate sobre la reeleccion legislativa en Mexico},
	Year = {2003}}

@article{cantu_2019,
	Author = {Cantu, Francisco},
	Date-Added = {2020-07-29 22:16:33 +0000},
	Date-Modified = {2020-07-29 22:17:13 +0000},
	Journal = {Journal of Politics},
	Number = {3},
	Title = {Groceries for Votes: The Electoral Returns of Vote Buying},
	Volume = {81},
	Year = {2019}}

@article{guerrero_2011,
	Author = {Guerrero-Gutierrez, Eduardo},
	Date-Added = {2020-07-29 06:38:51 +0000},
	Date-Modified = {2020-07-29 06:39:53 +0000},
	Journal = {Washington, DC: 7th North American Forum},
	Title = {Security, Drugs, and Violence in Mexico: A Survey.},
	Url = {http://iisdb.stanford.edu/evnts/6716/NAF_201},
	Year = {2011},
	Bdsk-Url-1 = {http://iisdb.stanford.edu/evnts/6716/NAF_201}}

@article{escalante_2011,
	Author = {Escalante, Fernando Gonzalbo},
	Date-Added = {2020-07-29 06:37:28 +0000},
	Date-Modified = {2020-12-01 00:59:30 +0000},
	Journal = {Nexos},
	Month = {January 1},
	Title = {Homicidios 2008-2009: La muerte tiene permiso},
	Url = {https://www.nexos.com.mx},
	Year = {2011},
	Bdsk-Url-1 = {https://www.nexos.com.mx}}

@article{durante_gutierrez_2013,
	Author = {Durante, Ruben and Gutierrez, Emilio},
	Date-Added = {2020-07-29 06:31:36 +0000},
	Date-Modified = {2020-07-29 06:37:25 +0000},
	Journal = {Sciences Popublications},
	Title = {Fighting Crime with a Little Help from My Friends: Party Affiliation, Inter-Jurisdictional Cooperation and Crime in Mexico},
	Volume = {17},
	Year = {2013}}

@article{dell_2015,
	Author = {Dell, Melissa},
	Date-Added = {2020-07-29 06:19:00 +0000},
	Date-Modified = {2020-07-29 06:19:45 +0000},
	Journal = {The American Economic Review},
	Number = {6},
	Pages = {1738-1779},
	Title = {Trafficking Networks and the Mexican Drug War},
	Volume = {105},
	Year = {2015}}

@article{hall_etal_2018,
	Author = {Hall, Andrew B. and Fouirnaies, Alexander},
	Date-Added = {2020-07-29 04:42:21 +0000},
	Date-Modified = {2020-07-29 04:42:58 +0000},
	Journal = {Working paper},
	Title = {How do Electoral Incentives Affect Legislator Behavior?},
	Year = {2018}}

@article{alt_etal_2011,
	Author = {Alt, James and Bueno de Mesquita, Ethan and Rose, Shanna},
	Date-Added = {2020-07-29 04:40:01 +0000},
	Date-Modified = {2020-07-29 04:40:52 +0000},
	Journal = {Journal of Politics},
	Number = {1},
	Pages = {171-186},
	Title = {Disentangling accountability and competence in elections: evidence from US term limits},
	Volume = {73},
	Year = {2011}}

@article{ferraz_finan_2011,
	Author = {Ferraz, Claudio and Finan, Frederico F.},
	Date-Added = {2020-07-29 04:36:59 +0000},
	Date-Modified = {2020-07-29 04:37:49 +0000},
	Journal = {American Economic Review},
	Number = {4},
	Pages = {1274-1311},
	Title = {Electoral accountability and corruption: Evidence from the audits of local governments},
	Volume = {101},
	Year = {2011}}

@article{dalbo_etal_2017,
	Author = {Dal B{\'o}, Ernesto and Finan, Frederico F. and Folke, Olle and Persson, Torsten, and Rickne Johanna},
	Date-Added = {2020-07-29 04:28:49 +0000},
	Date-Modified = {2020-07-29 04:36:45 +0000},
	Journal = {Quarterly Journal of Economics},
	Number = {4},
	Pages = {1877-1914},
	Title = {Who Becomes a Politician?},
	Volume = {132},
	Year = {2017}}

@article{calonicoetal_2014,
	Author = {Calonico, Sebastian and Cattaneo, Matias D. and Titiunik, Rocio},
	Date-Added = {2020-07-19 01:56:27 +0000},
	Date-Modified = {2020-07-19 01:57:14 +0000},
	Journal = {Econometrica},
	Month = {November},
	Number = {6},
	Pages = {2295-2326},
	Title = {Robust Nonparametric Confidence Intervals for Regression{\^a}ÂÂDiscontinuity Designs},
	Volume = {82},
	Year = {2014}}

@article{cengiz_etal_2019,
	Author = {Cengiz, Doruk and Dube, Arindrajit and Linder, Attila and Zipperer, Ben},
	Date-Added = {2020-07-11 20:36:57 +0000},
	Date-Modified = {2020-07-11 20:38:17 +0000},
	Journal = {National Bureau of Economic Research Working Paper No. 25434},
	Title = {The Effect of Minimum Wages on Low-Wage Jobs: Evidence from the United States Using a Bunching Estimator},
	Year = {2019}}

@article{abraham_sun_2020,
	Author = {Sun, Liyang and Abraham, Sarah},
	Date-Added = {2020-06-16 00:55:59 +0000},
	Date-Modified = {2020-06-16 00:56:50 +0000},
	Journal = {Working paper},
	Title = {Estimating Dynamic Treatment Effects in Event Studies with Heterogeneous Treatment Effects},
	Year = {2020}}

@article{strezhnev_2018,
	Author = {Strezhnev, Anton},
	Date-Added = {2020-06-16 00:14:39 +0000},
	Date-Modified = {2020-06-16 00:14:59 +0000},
	Journal = {Working paper},
	Title = {Semiparametric weighting estimators for multi-period difference-in-difference designs},
	Year = {2018}}

@article{goodman_bacon_2018,
	Author = {Goodman-Bacon, Andrew},
	Date-Added = {2020-06-01 18:38:29 +0000},
	Date-Modified = {2020-06-01 18:38:29 +0000},
	Journal = {National Bureau of Economic Research},
	Month = {September},
	Title = {Difference-in-Difference with variations in treatment timing},
	Year = {2018}}

@article{callaway_santana_2019,
	Author = {Callaway, Brantly and Sant'Anna, Pedro H.},
	Date-Added = {2020-06-01 18:38:26 +0000},
	Date-Modified = {2020-06-01 18:38:26 +0000},
	Journal = {Working paper},
	Title = {Difference-in-Difference with Multiple Time Periods},
	Year = {2019}}

@article{motolinia_2020,
	Author = {Motolinia, Lucia},
	Date-Added = {2020-05-24 01:47:57 +0000},
	Date-Modified = {2020-05-24 01:48:32 +0000},
	Journal = {Working paper},
	Title = {Electoral Accountability and Particularistic Legislation: Evidence from an Electoral Reform in Mexico},
	Year = {2020}}

@article{anton_2018,
	Author = {Strezhnev, Anton},
	Date-Added = {2020-05-24 01:19:16 +0000},
	Date-Modified = {2020-05-24 01:19:51 +0000},
	Journal = {Working paper},
	Title = {Semiparametric weighting estimators for multi-period difference-in-difference designs},
	Year = {2018}}

@article{besley95,
	Author = {Besley, Timothy and Case, Anne},
	Date-Added = {2020-05-23 23:41:37 +0000},
	Date-Modified = {2020-05-23 23:42:34 +0000},
	Journal = {The Quarterly Journal of Economics},
	Number = {3},
	Pages = {769-798},
	Title = {Does electoral accountability affect economic policy choices? Evidence from gubernatorial term limits},
	Volume = {110},
	Year = {1995}}

@article{canen_etal_2020,
	Author = {Canen, Nathan and Ch, Rafael and Wantchekon, Leonard},
	Date-Added = {2020-05-23 19:52:16 +0000},
	Date-Modified = {2020-05-23 19:53:25 +0000},
	Journal = {Working paper},
	Title = {Political Uncertainty, Market Structure and the Forms of State Capture},
	Year = {2020}}

@article{weaver_2020,
	Author = {Weaver, Julie Anne},
	Date-Added = {2020-05-23 19:40:06 +0000},
	Date-Modified = {2020-05-23 19:41:28 +0000},
	Journal = {Working paper, Harvard University},
	Title = {Electoral Dis-connection: The Limits of Re-Election in Contexts of Weak Accountability},
	Year = {2020}}

@book{mayhew_1974,
	Author = {Mayhew, David R.},
	Date-Added = {2020-05-23 19:39:28 +0000},
	Date-Modified = {2020-05-23 19:39:57 +0000},
	Publisher = {Yale University Press},
	Title = {Congress: The electoral connection},
	Year = {1974}}

@article{klasnja_titiunik_2017,
	Author = {Klasnja, Marko and Titiunik, Rocio},
	Date-Added = {2020-05-23 03:05:22 +0000},
	Date-Modified = {2020-05-23 03:06:16 +0000},
	Journal = {American Political Science Review},
	Number = {1},
	Pages = {129-148},
	Title = {The Incumbency Curse: Weak Parties, Term Limits, and Unfulfilled Accountability},
	Volume = {111},
	Year = {2017}}

@article{samuels_shugart_2010,
	Author = {Samuels, David J. and Shugart, Matthew S.},
	Date-Added = {2020-05-23 03:04:01 +0000},
	Date-Modified = {2020-05-23 03:05:06 +0000},
	Journal = {Journal of Theoretical Politics},
	Number = {1},
	Pages = {33-60},
	Title = {Presidentialism, Elections and Representation},
	Volume = {15},
	Year = {2010}}

@inbook{manin_etal_1999,
	Author = {Manin, Bernard and Przeworski, Adam and Stokes, Susan C.},
	Chapter = {Elections and Representation},
	Date-Added = {2020-05-23 02:56:33 +0000},
	Date-Modified = {2020-05-23 02:57:53 +0000},
	Editor = {Przeworski, Adam and Stockes, Susan C. and Manin, Bernard},
	Publisher = {Cambridge University Press},
	Title = {Democracy, Accountability, and Representation},
	Year = {1999}}

@book{berman_lake_2019,
	Date-Added = {2020-05-23 02:32:49 +0000},
	Date-Modified = {2020-05-23 02:33:40 +0000},
	Editor = {Berman, Eli and Lake, David A.},
	Publisher = {Cornell Univesity Press},
	Title = {Proxy Wars, Suprressing Violence Through Local Agents},
	Year = {2019}}
